<record><leader>00000cas a2200000 a 4500</leader><controlfield tag="001">1769335</controlfield><controlfield tag="008">751101d194219uumiumr ne      0   a0eng c</controlfield><datafield ind1=" " ind2=" " tag="010"><subfield code="a">sn 92060604 </subfield></datafield><datafield ind1=" " ind2=" " tag="040"><subfield code="a">MUL</subfield><subfield code="b">eng</subfield><subfield code="c">MUL</subfield><subfield code="d">YOX</subfield><subfield code="d">DLC</subfield><subfield code="d">EYM</subfield><subfield code="d">NYS</subfield><subfield code="d">MHN</subfield><subfield code="d">NVF</subfield><subfield code="d">DLC</subfield><subfield code="d">MHN</subfield><subfield code="d">OCL</subfield><subfield code="d">OCLCQ</subfield><subfield code="d">OCLCO</subfield><subfield code="d">NLC</subfield></datafield><datafield ind1=" " ind2=" " tag="012"><subfield code="i">9212</subfield></datafield><datafield ind1=" " ind2=" " tag="016"><subfield code="a">(AMICUS)000013405191</subfield></datafield><datafield ind1=" " ind2=" " tag="019"><subfield code="a">1007325213</subfield></datafield><datafield ind1="1" ind2=" " tag="029"><subfield code="a">AU@</subfield><subfield code="b">000025904993</subfield></datafield><datafield ind1="1" ind2=" " tag="029"><subfield code="a">NLC</subfield><subfield code="b">000013405191</subfield></datafield><datafield ind1=" " ind2=" " tag="042"><subfield code="a">pcc</subfield></datafield><datafield ind1=" " ind2=" " tag="043"><subfield code="a">n-us-mi</subfield></datafield><datafield ind1=" " ind2="4" tag="050"><subfield code="a">H1</subfield><subfield code="b">.W32</subfield></datafield><datafield ind1="0" ind2="4" tag="245"><subfield code="a">The wage earner.</subfield></datafield><datafield ind1=" " ind2=" " tag="260"><subfield code="a">Detroit, Mich. :</subfield><subfield code="b">Association of Catholic Trade Unionists, Detroit Chapter,</subfield><subfield code="c">1942-</subfield></datafield><datafield ind1=" " ind2=" " tag="300"><subfield code="a">v.</subfield></datafield><datafield ind1=" " ind2=" " tag="310"><subfield code="a">Monthly,</subfield><subfield code="b">Nov. 1948-&lt;Oct. 1964&gt;</subfield></datafield><datafield ind1=" " ind2=" " tag="321"><subfield code="a">Biweekly,</subfield><subfield code="b">1942-Dec. 25, 1945</subfield></datafield><datafield ind1=" " ind2=" " tag="321"><subfield code="a">Weekly,</subfield><subfield code="b">Jan. 11, 1946-Oct. 29, 1948</subfield></datafield><datafield ind1="0" ind2=" " tag="362"><subfield code="a">Vol. 4, no. 6 (Mar. 27, 1942)-</subfield></datafield><datafield ind1=" " ind2=" " tag="500"><subfield code="a">"A paper for all who work for a living."</subfield></datafield><datafield ind1=" " ind2=" " tag="500"><subfield code="a">Published by Detroit Catholic Labor Conference Pub. Corp., Feb. 1957-&lt;Oct. 1964&gt;.</subfield></datafield><datafield ind1=" " ind2="0" tag="650"><subfield code="a">Catholic labor unions</subfield><subfield code="z">Michigan</subfield><subfield code="v">Newspapers.</subfield></datafield><datafield ind1=" " ind2="0" tag="651"><subfield code="a">Detroit (Mich.)</subfield><subfield code="x">Newpspapers.</subfield></datafield><datafield ind1=" " ind2="0" tag="651"><subfield code="a">Wayne County (Mich.)</subfield><subfield code="v">Newspapers.</subfield></datafield><datafield ind1="2" ind2=" " tag="710"><subfield code="a">Association of Catholic Trade Unionists.</subfield><subfield code="b">Detroit Chapter.</subfield></datafield><datafield ind1=" " ind2=" " tag="752"><subfield code="a">United States</subfield><subfield code="b">Michigan</subfield><subfield code="c">Wayne</subfield><subfield code="d">Detroit.</subfield></datafield><datafield ind1="0" ind2="0" tag="780"><subfield code="t">Michigan labor leader</subfield><subfield code="w">(DLC)sn 92060603</subfield><subfield code="w">(OCoLC)27090556</subfield></datafield><datafield ind1="0" ind2="5" tag="780"><subfield code="t">Christian social action (Detroit, Mich.)</subfield><subfield code="w">(DLC)sn 94016151</subfield><subfield code="w">(OCoLC)1554492</subfield></datafield><datafield ind1=" " ind2=" " tag="850"><subfield code="a">MiU</subfield></datafield></record>